@article{goes2021unlocking,
  title={Unlocking the potential of big data to support tactical performance analysis in professional soccer: A systematic review},
  author={Goes, FR and Meerhoff, LA and Bueno, MJO and Rodrigues, DM and Moura, FA and Brink, MS and Elferink-Gemser, MT and Knobbe, AJ and Cunha, SA and Torres, RS and others},
  journal={European Journal of Sport Science},
  volume={21},
  number={4},
  pages={481--496},
  year={2021},
  publisher={Taylor \& Francis}
}

@article{tunaru2010valuations,
  title={Valuations of soccer players from statistical performance data},
  author={Tunaru, Radu S and Viney, Howard P},
  journal={Journal of Quantitative Analysis in Sports},
  volume={6},
  number={2},
  year={2010},
  publisher={De Gruyter}
}