@article{goes2021unlocking,
  title={Unlocking the potential of big data to support tactical performance analysis in professional soccer: {A} systematic review},
  author={Goes, FR and Meerhoff, LA and Bueno, MJO and Rodrigues, DM and Moura, FA and Brink, MS and Elferink-Gemser, MT and Knobbe, AJ and Cunha, SA and Torres, RS and others},
  journal={European Journal of Sport Science},
  volume={21},
  number={4},
  pages={481--496},
  year={2021},
  publisher={Taylor \& Francis}
}

@article{tunaru2010valuations,
  title={Valuations of soccer players from statistical performance data},
  author={Tunaru, Radu S and Viney, Howard P},
  journal={Journal of Quantitative Analysis in Sports},
  volume={6},
  number={2},
  year={2010},
  publisher={De Gruyter}
}

@article{geurkink2021machine,
  title={Machine learning-based identification of the strongest predictive
  variables of winning and losing in {B}elgian professional soccer},
  author={Geurkink, Youri and Boone, Jan and Verstockt, Steven and Bourgois, Jan G},
  journal={Applied Sciences},
  volume={11},
  number={5},
  pages={2378},
  year={2021},
  publisher={MDPI}
}

@article{gryko2018structural,
  title={Structural analysis of shooting performance in elite basketball players
  during {FIBA} EuroBasket 2015},
  author={Gryko, Karol and Miko{\l}ajec, Kazimierz and Maszczyk, Adam and Cao, Ruiqi and Adamczyk, Jakub Grzegorz},
  journal={International Journal of Performance Analysis in Sport},
  volume={18},
  number={2},
  pages={380--392},
  year={2018},
  publisher={Taylor \& Francis}
}

@article{russell2013technical,
  title={Technical demands of soccer match play in the English championship},
  author={Russell, Mark and Rees, Gethin and Kingsley, Michael IC},
  journal={The Journal of Strength \& Conditioning Research},
  volume={27},
  number={10},
  pages={2869--2873},
  year={2013},
  publisher={LWW}
}

@inproceedings{blanchfield2019developing,
  title={Developing {P}redictive {A}thletic {P}erformance {M}odels for
  {I}nformative {T}raining {R}egimens},
  author={Blanchfield, Jordan E and Hargroves, Meredith T and Keith, Peter J and Lansing, Maryanna C and Nordin, Lars H{\"a}lsing and Palmer, Rachel C and Louis, Shelby E St and Will, Allyson J and Scherer, William T and Napoli, Nicholas J},
  booktitle={2019 Systems and Information Engineering Design Symposium (SIEDS)},
  pages={1--6},
  year={2019},
  organization={IEEE}
}